@misc{ Nobody06,
       author = "Nobody Jr",
       title = "My Article",
       year = "2006" }

@InCollection{sep-ethics-ai,
	author       =	{MÃ¼ller, Vincent C.},
	title        =	{{Ethics of Artificial Intelligence and Robotics}},
	booktitle    =	{The {Stanford} Encyclopedia of Philosophy},
	editor       =	{Edward N. Zalta},
	howpublished =	{\url{https://plato.stanford.edu/archives/sum2021/entries/ethics-ai/}},
	year         =	{2021},
	edition      =	{{S}ummer 2021},
	publisher    =	{Metaphysics Research Lab, Stanford University}
}

@manual{SAE-levels,
    author={On-Road Automated Driving (ORAD) Committee},
    title={Taxonomy and Definitions for Terms Related to Driving Automation Systems for On-Road Motor Vehicles},
    month={apr},
    year={2021},
    doi={https://doi.org/10.4271/J3016_202104},
    url={https://doi.org/10.4271/J3016_202104}
}

@misc{synopsys-web-article,
    author={Synopsys},
    title={Autonomous Driving Levels},
    howpublished = {https://www.synopsys.com/automotive/autonomous-driving-levels.html},
    note         = {Accessed: 2022-11-18}
}